
@misc{Frame,
title={¿qué es y cuál es su función en Internet?},
url={https://rockcontent.com/es/blog/framework/},
journal={Rock Content}, 
author={Gabriela,Muente},
year={2021}, 
urldate = {2021-10-08},
keywords={latex}


}
@misc{Chromium, 
title={Chromium}, 
url={https://es.wikipedia.org/wiki/Chromium_(navegador)}, 
journal={Wikipedia}, 
publisher={Wikimedia Foundation},
year={2021}, 
month={Nov},
urldate = {2021-11-15},
keywords={latex}


}

@misc{Nodejs, 
title={¿Qué es Node.js?},
url={https://www.itdo.com/blog/que-es-node-js-y-para-que-sirve/}, 
journal={ITDO Desarrollo web y APPs Barcelona},
publisher={ITDO Desarrollo web y APPs Barcelona}, 
author={Simões, Chiyana},
year={2021},
month={Jul},
urldate = {2021-11-15},
keywords={latex}

}

@misc{Npmjs,  
title={Qué es NPM}, 
url={https://openwebinars.net/blog/que-es-node-package-manager/},
journal={OpenWebinars.net},
publisher={OpenWebinars}, 
author={Muradas, Yanina}, 
year={2021},
month={Sep},
urldate = {2021-11-17},
keywords={latex}

}

@misc{elec,   
title={Electron},
url={https://www.electronjs.org/},
journal={Electron Blog RSS},
urldate = {2021-11-18},
keywords={latex}

}

@article{strien_introduccion_2017,
	title = {Introducción al control de versiones con {GitHub} {Desktop}},
	issn = {2517-5769},
	url = {https://programminghistorian.org/es/lecciones/retirada/introduccion-control-versiones-github-desktop},
	doi = {10.46430/phes0015},
	abstract = {En esta lección aprenderás lo básico del control de versiones, comprenderás por qué es útil e implementarás el control básico de versiones en un documento de texto plano utilizando git y GitHub.},
	language = {es},
	number = {1},
	urldate = {2021-11-26},
	journal = {Programming Historian en español},
	author = {Strien, Daniel van},
	editor = {McDaniel, Caleb and Gayol, Víctor},
	translator = {Castro, Antonio Rojas},
	collaborator = {Miller, Ethan and Spiro, Lisa and Afanador-Llach, Maria José and Gayol, Víctor},
	month = apr,
	year = {2017},
}

@misc{noauthor_introduccion_nodate,
	title = {Introducción a {GIT} {\textbar} {Tutorial} {GIT} / {GITHUB}},
	url = {https://bluuweb.github.io/tutorial-github/01-fundamentos/#%C2%BFque-es-git},
	urldate = {2021-11-26},
	file = {Introducción a GIT | Tutorial GIT / GITHUB:C\:\\Users\\USUARIO\\Zotero\\storage\\24AXQSKK\\01-fundamentos.html:text/html},
}