
@article{strien_introduccion_2017,
	title = {Introducción al control de versiones con {GitHub} {Desktop}},
	issn = {2517-5769},
	url = {https://programminghistorian.org/es/lecciones/retirada/introduccion-control-versiones-github-desktop},
	doi = {10.46430/phes0015},
	abstract = {En esta lección aprenderás lo básico del control de versiones, comprenderás por qué es útil e implementarás el control básico de versiones en un documento de texto plano utilizando git y GitHub.},
	language = {es},
	number = {1},
	urldate = {2021-11-26},
	journal = {Programming Historian en español},
	author = {Strien, Daniel van},
	editor = {McDaniel, Caleb and Gayol, Víctor},
	translator = {Castro, Antonio Rojas},
	collaborator = {Miller, Ethan and Spiro, Lisa and Afanador-Llach, Maria José and Gayol, Víctor},
	month = apr,
	year = {2017},
}

@misc{noauthor_introduccion_nodate,
	title = {Introducción a {GIT} {\textbar} {Tutorial} {GIT} / {GITHUB}},
	url = {https://bluuweb.github.io/tutorial-github/01-fundamentos/#%C2%BFque-es-git},
	urldate = {2021-11-26},
	file = {Introducción a GIT | Tutorial GIT / GITHUB:C\:\\Users\\USUARIO\\Zotero\\storage\\24AXQSKK\\01-fundamentos.html:text/html},
}
